@book{sutton2018reinforcement,
  title={Reinforcement Learning: An Introduction},
  author={Sutton, Richard S. and Barto, Andrew G.},
  year={2018},
  edition={2},
  publisher={MIT Press},
  url={http://incompleteideas.net/book/the-book-2nd.html}
}

@article{pettingzoo2020,
  title={PettingZoo: Gym for Multi-Agent Reinforcement Learning},
  author={Terry, Jordan K. and Black, Colin and Grammel, Nathaniel},
  journal={arXiv preprint arXiv:2009.14471},
  year={2020}
}

@inproceedings{liang2018rllib,
  title={RLlib: Abstractions for distributed reinforcement learning},
  author={Liang, Eric and Liaw, Richard and Moritz, Philipp and Nishihara, Robert and Fox, Roy and Goldberg, Ken and Gonzalez, Joseph E. and Jordan, Michael I. and Stoica, Ion},
  booktitle={International Conference on Machine Learning},
  pages={3053--3062},
  year={2018},
  organization={PMLR}
}

@article{machado2018revisiting,
  title={Revisiting the Arcade Learning Environment: Evaluation protocols and open problems for general agents},
  author={Machado, Marlos C. and Bellemare, Marc G. and Talvitie, Erik and Veness, Joel and Hausknecht, Matthew and Bowling, Michael},
  journal={Journal of Artificial Intelligence Research},
  volume={61},
  pages={523--562},
  year={2018}
}

@article{arulkumaran2017deep,
  title={Deep reinforcement learning: A brief survey},
  author={Arulkumaran, Kai and Deisenroth, Marc Peter and Brundage, Miles and Bharath, Anil Anthony},
  journal={IEEE Signal Processing Magazine},
  volume={34},
  number={6},
  pages={26--38},
  year={2017}
}

@inproceedings{mnih2015human,
  title={Human-level control through deep reinforcement learning},
  author={Mnih, Volodymyr and Kavukcuoglu, Koray and Silver, David and Rusu, Andrei A. and Veness, Joel and Bellemare, Marc G. and Graves, Alex and Riedmiller, Martin and Fidjeland, Andreas K. and Ostrovski, Georg and Petersen, Stig and Beattie, Charles and Sadik, Amir and Antonoglou, Ioannis and King, Helen and Kumaran, Dharshan and Wierstra, Daan and Legg, Shane and Hassabis, Demis},
  booktitle={Nature},
  volume={518},
  pages={529--533},
  year={2015}
}

@inproceedings{vanhasselt2016double,
  title={Deep Reinforcement Learning with Double Q-Learning},
  author={van Hasselt, Hado and Guez, Arthur and Silver, David},
  booktitle={Proceedings of the AAAI Conference on Artificial Intelligence},
  volume={30},
  number={1},
  year={2016}
}

@inproceedings{wang2016dueling,
  title={Dueling Network Architectures for Deep Reinforcement Learning},
  author={Wang, Ziyu and Schaul, Tom and Hessel, Matteo and van Hasselt, Hado and Lanctot, Marc and de Freitas, Nando},
  booktitle={International Conference on Machine Learning},
  pages={1995--2003},
  year={2016},
  organization={PMLR}
}

@article{schaul2015prioritized,
  title={Prioritized Experience Replay},
  author={Schaul, Tom and Quan, John and Antonoglou, Ioannis and Silver, David},
  journal={arXiv preprint arXiv:1511.05952},
  year={2015}
}

@inproceedings{bellemare2017distributional,
  title={A Distributional Perspective on Reinforcement Learning},
  author={Bellemare, Marc G. and Dabney, Will and Munos, R{\'e}mi},
  booktitle={International Conference on Machine Learning},
  pages={449--458},
  year={2017},
  organization={PMLR}
}

@inproceedings{schulman2017proximal,
  title={Proximal Policy Optimization Algorithms},
  author={Schulman, John and Wolski, Filip and Dhariwal, Prafulla and Radford, Alec and Klimov, Oleg},
  booktitle={arXiv preprint arXiv:1707.06347},
  year={2017}
}

@inproceedings{rauber2017hindsight,
  title={Hindsight policy gradients},
  author={Rauber, Paulo and Ummadisingu, Abhishek and Mutz, Franziska and Schmidhuber, J{\"u}rgen},
  booktitle={Proceedings of the 31st International Conference on Neural Information Processing Systems (NeurIPS)},
  pages={5237--5247},
  year={2017}
}

@inproceedings{ng1999policy,
  title={Policy invariance under reward transformations: Theory and application to reward shaping},
  author={Ng, Andrew Y. and Harada, Daishi and Russell, Stuart J.},
  booktitle={Proceedings of the 16th International Conference on Machine Learning (ICML)},
  pages={278--287},
  year={1999},
  publisher={Morgan Kaufmann}
}


@article{hochreiter1997long,
  title={Long Short-Term Memory},
  author={Hochreiter, Sepp and Schmidhuber, J{\"u}rgen},
  journal={Neural Computation},
  volume={9},
  number={8},
  pages={1735--1780},
  year={1997},
  publisher={MIT Press}
}

@article{bloembergen2015evolutionary,
  title={Evolutionary dynamics of multi-agent learning: A survey},
  author={Bloembergen, Daan and Tuyls, Karl and Hennes, Daniel and Kaisers, Michael},
  journal={Journal of Artificial Intelligence Research},
  volume={53},
  pages={659--697},
  year={2015}
}
